<?xml version="1.0" encoding="UTF-8"?>
<record xmlns="http://www.loc.gov/MARC21/slim">
   <leader>01038cam a22002535  4500</leader>
   <controlfield tag="001">1547923</controlfield>
   <controlfield tag="003">NjP</controlfield>
   <controlfield tag="005">20170215174042.0</controlfield>
   <controlfield tag="008">810611s1933    le c          000 0 ara d</controlfield>
   <datafield tag="024" ind1="7" ind2=" ">
      <subfield code="a">princeton_aco003970</subfield>
      <subfield code="2">local</subfield>
   </datafield>
   <datafield ind1=" " ind2=" " tag="035">
      <subfield code="a">(OCoLC)ocm07497823</subfield>
   </datafield>
   <datafield ind1=" " ind2=" " tag="035">
      <subfield code="9">CEV4945TS</subfield>
   </datafield>
   <datafield ind1=" " ind2=" " tag="040">
      <subfield code="a">CLE</subfield>
      <subfield code="c">CLE</subfield>
      <subfield code="d">PUL</subfield>
   </datafield>
   <datafield ind1="1" ind2=" " tag="041">
      <subfield code="a">arager</subfield>
   </datafield>
   <datafield ind1=" " ind2=" " tag="092">
      <subfield code="a">917.4</subfield>
      <subfield code="b">N714p</subfield>
   </datafield>
   <datafield ind1="1" ind2=" " tag="100">
      <subfield code="a">Nöldeke, Theodor,</subfield>
      <subfield code="d">1836-1930.</subfield>
      <subfield code="0">http://id.loc.gov/authorities/names/n79055569</subfield>
   </datafield>
   <datafield ind1="1" ind2="4" tag="245">
      <subfield code="a">The princes of Ghassān from the house of Gafna,</subfield>
      <subfield code="c">tr. into Arabic from the original German, and provided with the author's last corrections, by Pendali Jousé [&amp;] Costi K. Zurayk.</subfield>
   </datafield>
   <datafield ind1=" " ind2=" " tag="260">
      <subfield code="a">[Beirut]</subfield>
      <subfield code="b">Printed at the Catholic press,</subfield>
      <subfield code="c">1933.</subfield>
   </datafield>
   <datafield ind1=" " ind2=" " tag="300">
      <subfield code="a">[4], 82, 12 p.,</subfield>
      <subfield code="b">front. (incl. port.)</subfield>
   </datafield>
   <datafield ind1="2" ind2="0" tag="410">
      <subfield code="a">American University of Beirut.</subfield>
      <subfield code="b">Faculty of Arts and Sciences.</subfield>
      <subfield code="t">Publications: Oriental series,</subfield>
      <subfield code="v">no. 4</subfield>
   </datafield>
   <datafield ind1=" " ind2=" " tag="500">
      <subfield code="a">Added t.-p. in Arabic.</subfield>
   </datafield>
   <datafield ind1="1" ind2=" " tag="700">
      <subfield code="a">Jousé, Pendali,</subfield>
      <subfield code="e">tr.</subfield>
   </datafield>
   <datafield ind1="1" ind2=" " tag="700">
      <subfield code="a">Zurayk, Costi K.</subfield>
      <subfield code="e">tr.</subfield>
   </datafield>
   <datafield ind1=" " ind2=" " tag="947">
      <subfield code="a">CEV4945</subfield>
   </datafield>
   <datafield ind1=" " ind2=" " tag="911">
      <subfield code="a">20000130</subfield>
   </datafield>
   <datafield ind1="0" ind2="0" tag="852">
      <subfield code="0">1782438</subfield>
      <subfield code="b">rcppa</subfield>
      <subfield code="t">0</subfield>
      <subfield code="h">DS96</subfield>
      <subfield code="i">.N653 1933</subfield>
      <subfield code="x">tr fr f</subfield>
   </datafield>
   <datafield ind1=" " ind2=" " tag="959">
      <subfield code="a">2000-06-13 00:00:00 -0400</subfield>
   </datafield>
</record>
